
@article{CCSDS_2014,
	title = {Consultative {Committee} for {Space} {Data} {Systems} ({CCSDS}). (2014). {CCSDS} 231.1-{O}-1 - {Green} {Book} - {Next} {Generation} {Uplink} - {Informational} {RePORT} {CCSDS} 230.2-{G}-1. {Washington}, {DC}, {USA}.},
	year = {2014},
}

@article{CCSDS_2015,
	title = {Consultative {Committee} for {Space} {Data} {Systems} ({CCSDS}). (2015). {CCSDS} 231.1-{O}-1 - {Orange} {Book} - {Short} {Block} {Length} {LDPC} codes for {TC} {Synchronization} and {Channel} {Coding} {Washington}, {DC}, {USA}.},
	year = {2015},
}

@article{comparison_NBLDPC,
	title = {Conde-{Canencia}, {L}., {Al}-{Ghouwayel}, {A}., {Boutillon}, {E}. (2009). {Complexity} comparison of {Non}-{Binary} {LDPC} decoders. {In} {Proceedings} of the {ICT} mobile summit conference, pp. 1–8, {Santander}, {Spain}.},
	year = {2009},
}

@article{gallager_low_1962,
	title = {Low density parity check codes},
	volume = {8},
	url = {https://doi.org/10.1109/TIT.1962.1057683},
	doi = {10.1109/TIT.1962.1057683},
	journal = {IRE Transactions on Information Theory},
	author = {Gallager, R. G.},
	year = {1962},
}

@article{noauthor_dvb_nodate,
	title = {{DVB} {Document} {A83}-2. (2014). {Digital} video broadcasting ({DVB}) - part {II}: {S2}-extensions ({DVB}-s2x) march.},
}

@article{CCSDS_2011,
	title = {Consultative {Committee} for {Space} {Data} {Systems} ({CCSDS}). (2011). {CCSDS} 131.0-{B}-2 - {TM} synchronization and channel coding. {Washington}, {DC}, {USA}, blue book edition.},
}

@article{davey_low_1998,
	title = {Low density parity check codes over {GF}(q)},
	volume = {2},
	url = {https://doi.org/10.1109/4234.681360},
	doi = {10.1109/4234.681360},
	journal = {IEEE Communications Letters},
	author = {Davey, M. C. and MacKay, D. J. C.},
	year = {1998},
}

@article{noauthor_barnault_nodate,
	title = {Barnault, {L}., \& {Declercq}, {D}. (2003). {Fast} decoding algorithm for {LDPC} over {GF}(2q). {In} {Proceedings} of the {IEEE} information theory workshop (pp. 70–73).},
}

@article{dolecek_non-binary_2014,
	title = {Non-binary protograph-based {LDPC} codes: enumerators, analysis, and designs},
	volume = {60},
	url = {https://doi.org/10.1109/TIT.2014.2316215},
	doi = {10.1109/TIT.2014.2316215},
	journal = {IEEE Transactions on Information Theory},
	author = {Dolecek, L. and Divsalar, D. and Sun, Y. and Amiri, B.},
	year = {2014},
}

@article{noauthor_wang_nodate,
	title = {Wang, {G}, {Shen}, {H}., {Yin}, {B}., {Wu}, {M}., {Sun}, {Y}., {Cavallaro}, {J}.{R}. (2012). {Parallel} nonbinary {LDPC} decoding on {GPU}. {In} {Proceedings} of the conference record of 46th {Asilomar} conference on signals, systems and computers ({ASILOMAR}) (pp. 1277–1281).},
}

@article{noauthor_andrade_nodate,
	title = {Andrade, {J}., {Falcao}, {G}., {Silva}, {V}., {Kasai}, {K}. (2013). {FFT}-{SPA} non-binary {LDPC} decoding on {GPU}. {In} {Proceedings} of the {IEEE} international conference on acoustics, speech and signal processing ({ICASSP}). {Vancouver}, {BC} (pp. 5099–5103).},
}

@article{noauthor_beermann_nodate,
	title = {Beermann, {M}., {Monzo}, {E}., {Schmalen}, {L}., {Vary}, {P}. (2013). {High} speed decoding of non-binary irregular {LDPC} codes using {GPUs}. {In} {Proceedings} of the {IEEE} workshop on signal processing systems ({SiPS}) (pp. 36–41).},
}

@article{andrade_optimized_2014,
	title = {Optimized fast walsh-hadamard transform on {GPUs}, for non-binary {LDPC} decoding},
	volume = {40},
	url = {https://doi.org/10.1016/j.parco.2014.07.001},
	doi = {10.1016/j.parco.2014.07.001},
	journal = {Elsevier Journal of Parallel Computing},
	author = {Andrade, J. and Falcao, G. and Silva, V.},
	year = {2014},
}

@article{noauthor_thi_nodate,
	title = {Thi, {H}.{P}., {Ajaz}, {S}., {Lee}, {H}. (2014). {Efficient} {Min}-{Max} nonbinary {LDPC} decoding on {GPU}. {In} {Proceedings} of the international {SoC} design conference ({ISOCC}) (pp. 266–267).},
}

@article{beermann_gpu_2015,
	title = {{GPU} accelerated belief propagation decoding of non-binary {LDPC} codes with parallel and sequential scheduling},
	volume = {78},
	url = {https://doi.org/10.1007/s11265-014-0927-7},
	doi = {10.1007/s11265-014-0927-7},
	journal = {Springer, Journal of Signal Processing Systems},
	author = {Beermann, M. and Schmalen, L. and Vary, P.},
	year = {2015},
}

@article{noauthor_pham_nodate,
	title = {Pham, {H}.{T}., {Ajaz}, {S}., {Lee}, {H}. (2015). {Parallel} block-layered nonbinary {QC}-{LDPC} decoding on {GPU}. {In} {Proceedings} of the {IEEE} workshop on signal processing systems ({SiPS}) (pp. 1–6).},
}

@article{liu_high-throughput_2018,
	title = {High-throughput multi-codeword decoder for non-binary {LDPC} codes on {GPU}},
	volume = {22},
	url = {https://doi.org/10.1109/LCOMM.2018.2791998},
	doi = {10.1109/LCOMM.2018.2791998},
	journal = {IEEE Communications Letters},
	author = {Liu, Z. and Liu, R. and Hou, Y. and Zhao, L.},
	year = {2018},
}

@article{boutillon_design_2013,
	title = {Design of a {GF}(64)-{LDPC} decoder based on the {EMS} algorithm},
	volume = {60},
	url = {https://doi.org/10.1109/TCSI.2013.2279186},
	doi = {10.1109/TCSI.2013.2279186},
	journal = {IEEE Transactions on Circuits and Systems (TCAS-I)},
	author = {Boutillon, E. and Conde-Canencia, L. and Ghouwayel, A. A.},
	year = {2013},
}

@article{abassi_novel_2017,
	title = {A novel architecture for elementary check node processing in non-binary {LDPC} decoders},
	volume = {64},
	url = {https://doi.org/10.1109/TCSII.2016.2551550},
	doi = {10.1109/TCSII.2016.2551550},
	journal = {IEEE Transactions on Circuits and Systems II, (TCAS-II)},
	author = {Abassi, O. and Conde-Canencia, L. and Ghouwayel, A. A. and Boutillon, E.},
	year = {2017},
}

@article{chang_accelerating_2011,
	title = {Accelerating regular {LDPC} code decoders on {GPUs}},
	volume = {4},
	url = {https://doi.org/10.1109/JSTARS.2011.2142295},
	doi = {10.1109/JSTARS.2011.2142295},
	journal = {IEEE Journal of Selected Topics in Applied Earth Observations and Remote Sensing},
	author = {Chang, C. -. C. and Chang, Y. -. L. and Huang, M. -. Y. and Huang, B.},
	year = {2011},
}

@article{falcao_portable_2012,
	title = {Portable {LDPC} decoding on multicores using {OpenCL}},
	volume = {29},
	url = {https://doi.org/10.1109/MSP.2012.2192212},
	doi = {10.1109/MSP.2012.2192212},
	journal = {IEEE Signal Processing Magazine},
	author = {Falcao, G. and Silva, V. and Sousa, L. and Andrade, J.},
	year = {2012},
}

@article{noauthor_wang_nodate-1,
	title = {Wang, {G}., {Wu}, {M}., {Yin}, {B}., {Cavallaro}, {J}.{R}. (2013). {High} throughput low latency {LDPC} decoding on {GPU} for {SDR} systems. {In} {Proceedings} of the {IEEE} {GlobalSIP} conference (pp. 1258–1261).},
}

@article{li_efficient_2013,
	title = {Efficient graphics processing unit based layered decoders for quasicyclic low-density parity-check codes},
	volume = {27},
	url = {https://doi.org/10.1002/cpe.3193},
	doi = {10.1002/cpe.3193},
	journal = {Concurrency and Computation: Practice and Experience},
	author = {Li, R. and Dou, Y. and Zou, D. and Wang, S. and Zhang, Y.},
	year = {2013},
}

@article{lin_high_2014,
	title = {High throughput {LDPC} decoder on {GPU}},
	volume = {18},
	url = {https://doi.org/10.1109/LCOMM.2014.010214.132406},
	doi = {10.1109/LCOMM.2014.010214.132406},
	journal = {IEEE Communications Letters},
	author = {Lin, Y. and Niu, W.},
	year = {2014},
}

@article{gal_high-throughput_2016,
	title = {High-throughput multi-core {LDPC} decoders based on x86 processor},
	volume = {27},
	url = {https://doi.org/10.1109/TPDS.2015.2435787},
	doi = {10.1109/TPDS.2015.2435787},
	journal = {IEEE Transactions on Parallel and Distributed Systems (TPDS)},
	author = {Gal, B. and Jego, C.},
	year = {2016},
}

@article{andrade_survey_2016,
	title = {A survey on programmable {LDPC} decoders},
	volume = {4},
	url = {https://doi.org/10.1109/ACCESS.2016.2594265},
	doi = {10.1109/ACCESS.2016.2594265},
	journal = {IEEE Access},
	author = {Andrade, J. and Falcao, G. and Silva, V. and Sousa, L.},
	year = {2016},
}

@article{noauthor_gal_nodate,
	title = {Le {Gal}, {B}., {Leroux}, {C}., {Jego}, {C}. (2014). {Software} polar decoder on an embedded processor. {In} {Proceedings} of the {IEEE} workshop on signal processing systems ({SiPS}) (pp. 1–6).},
}

@article{gal_multi-gbs_2015,
	title = {Multi-{Gb}/s, software decoding of polar codes},
	volume = {63},
	url = {https://doi.org/10.1109/TSP.2014.2371781},
	doi = {10.1109/TSP.2014.2371781},
	journal = {IEEE Transactions on Signal Processing},
	author = {Gal, B. and Leroux, C. and Jego, C.},
	year = {2015},
}

@article{giard_low-latency_2018,
	title = {Low-latency software polar decoders},
	volume = {90},
	url = {https://doi.org/10.1007/s11265-016-1157-y},
	doi = {10.1007/s11265-016-1157-y},
	journal = {Journal of Signal Processing Systems, Springer},
	author = {Giard, P. and Sarkis, G. and Leroux, C. and Thibeault, C. and Gross, W. J.},
	year = {2018},
}

@book{grayver_implementing_2013,
	address = {New York},
	title = {Implementing software defined radio},
	url = {https://doi.org/10.1007/978-1-4419-9332-8},
	publisher = {Springer},
	author = {Grayver, E.},
	year = {2013},
	doi = {10.1007/978-1-4419-9332-8},
}

@article{noauthor_cassagne_nodate,
	title = {Cassagne, {A}., {Tonnellier}, {T}., {Leroux}, {C}., {Le} {Gal}, {B}., {Aumage}, {O}., {Barthou}, {D}. (2016). {Beyond} {Gbps} turbo decoder on multi-core {CPUs}. {In} {Proceedings} of the 9th {International} {Symposium} on {Turbo} {Codes} \& {Iterative} {Information} {Processing} ({ISTC}’16), {Brest}, {France}.},
}

@book{carrasco_non-binary_2008,
	address = {Chichester},
	title = {Non-{Binary} error control coding for wireless communication and data storage},
	url = {https://doi.org/10.1002/9780470740415},
	publisher = {Wiley},
	author = {Carrasco, R. A. and Johnston, M.},
	year = {2008},
	doi = {10.1002/9780470740415},
}

@article{noauthor_hocevar_nodate,
	title = {Hocevar, {D}.{E}. (2004). {A} reduced complexity decoder architecture via layered decoding of {LDPC} codes. {In} {Proceedings} of the {IEEE} workshop on signal processing systems ({SIPS}) workshop (pp. 107–112).},
}

@article{declercq_decoding_2007,
	title = {Decoding algorithms for nonbinary {LDPC} codes over {GF}},
	volume = {55},
	url = {https://doi.org/10.1109/TCOMM.2007.894088},
	doi = {10.1109/TCOMM.2007.894088},
	journal = {IEEE Transactions on Communications},
	author = {Declercq, D. and Fossorier, M.},
	year = {2007},
}

@article{noauthor_voicila_nodate,
	title = {Voicila, {A}., {Declercq}, {D}., {Verdier}, {F}., {Fossorier}, {M}., {Urard}, {P}. (2007). {Low} complexity, low memory {EMS} algorithm for non-binary {LDPC} codes. {In} {IEEE} {Internationnal} {Conference} on {Communications} ({ICC}’07), {Glasgow}, {England}.},
}

@article{gal_high-throughput_2015,
	title = {High-throughput {LDPC} decoder on low-power embedded processors},
	volume = {19},
	url = {https://doi.org/10.1109/LCOMM.2015.2477081},
	doi = {10.1109/LCOMM.2015.2477081},
	journal = {IEEE Communications Letters},
	author = {Gal, B. and Jego, C.},
	year = {2015},
}

@article{gronroos_efficient_2012,
	title = {Efficient {GPU} and {CPU}-based {LDPC} decoders for long codewords},
	volume = {73},
	url = {https://doi.org/10.1007/s10470-012-9895-7},
	doi = {10.1007/s10470-012-9895-7},
	journal = {Journal of Analog Integrated Circuits and Signal Processing},
	author = {Gronroos, S. and Nybom, K. and Bjorkqvist, J.},
	year = {2012},
}

@article{noauthor_wymeersch_nodate,
	title = {Wymeersch, {H}., {Steendam}, {H}., {Moeneclaey}, {M}. (2004). {Log}-domain decoding of {LDPC} codes over {GF}(q). {In} {IEEE} international conference on communications ({ICC}’04), pp. 772–776, {Paris}, {France}.},
}

@article{poulliat_design_2008,
	title = {Design of regular (2,dc)-{LDPC} codes over {GF}(q) using their binary images},
	volume = {56},
	url = {https://doi.org/10.1109/TCOMM.2008.060527},
	doi = {10.1109/TCOMM.2008.060527},
	journal = {IEEE Transactions on Communications},
	author = {Poulliat, C. and Fossorier, M. and Declercq, D.},
	year = {2008},
}

@article{noauthor_helmling_nodate,
	title = {Helmling, {M}., \& {Scholl}, {S}. {Database} of channel codes and ml simulation results. {University} of {Kaiserslautern}, https://www.uni-kl.de/channel-codes.},
	url = {https://www.uni-kl.de/channel-codes},
}

@article{noauthor_ying_nodate,
	title = {Ying, {Y}., {You}, {K}., {Zhou}, {L}., {Quan}, {H}., {Zeng}, {X}. (2012). {A} pure software {LDPC} decoder on a multi-core processor platform with reduced inter-processor communication cost. {In} {Proceedings} of the {ISCAS} {Symposium} (pp. 2609–2612).},
}

@article{gal_high_2014,
	title = {A high throughput efficient approach for decoding {LDPC} codes onto {GPU} devices},
	volume = {6},
	url = {https://doi.org/10.1109/LES.2014.2311317},
	doi = {10.1109/LES.2014.2311317},
	journal = {IEEE Embedded Systems Letters},
	author = {Gal, B. and Jego, C. and Crenne, J.},
	year = {2014},
}

@article{noauthor_peng_nodate,
	title = {Peng, {H}., {Liu}, {R}., {Hou}, {Y}., {Zhao}, {L}. (2016). {A} {Gb}/s parallel block-based {Viterbi} decoder for convolutional codes on {GPU}. {In} {Proceedings} of the 8th international conference on wireless communications \& signal processing ({WCSP}) (p. 1-6).},
}
